<?xml version="1.0" encoding="UTF-8"?><record xmlns="http://www.loc.gov/MARC21/slim" xmlns:cinclude="http://apache.org/cocoon/include/1.0" xmlns:zs="http://www.loc.gov/zing/srw/">
  <leader>01472cz  a2200253n  4500</leader>
  <controlfield tag="001">n  79110466 </controlfield>
  <controlfield tag="003">DLC</controlfield>
  <controlfield tag="005">20120404074653.0</controlfield>
  <controlfield tag="008">791106n| acannaabn          |b ana      </controlfield>
  <datafield tag="010" ind1=" " ind2=" ">
    <subfield code="a">n  79110466 </subfield>
  </datafield>
  <datafield tag="035" ind1=" " ind2=" ">
    <subfield code="a">(OCoLC)oca00342331</subfield>
  </datafield>
  <datafield tag="040" ind1=" " ind2=" ">
    <subfield code="a">DLC</subfield>
    <subfield code="b">eng</subfield>
    <subfield code="c">DLC</subfield>
    <subfield code="d">DLC</subfield>
    <subfield code="d">OCoLC</subfield>
    <subfield code="d">GU</subfield>
  </datafield>
  <datafield tag="110" ind1="2" ind2=" ">
    <subfield code="a">Jewish Education Committee of New York</subfield>
  </datafield>
  <datafield tag="410" ind1="2" ind2=" ">
    <subfield code="a">Ṿaʻad ha-ḥinukh ha-Yehudi (New York, N.Y.)</subfield>
  </datafield>
  <datafield tag="410" ind1="2" ind2=" ">
    <subfield code="a">ועד החינוך היהודי בניו יורק</subfield>
  </datafield>
  <datafield tag="410" ind1="2" ind2=" ">
    <subfield code="a">Jewish Education Committee of New York.</subfield>
    <subfield code="t">Keter library</subfield>
  </datafield>
  <datafield tag="510" ind1="2" ind2=" ">
    <subfield code="w">a</subfield>
    <subfield code="a">Bureau of Jewish Education (New York, N.Y.)</subfield>
  </datafield>
  <datafield tag="510" ind1="2" ind2=" ">
    <subfield code="w">a</subfield>
    <subfield code="a">Jewish Education Association (New York, N.Y.)</subfield>
  </datafield>
  <datafield tag="510" ind1="2" ind2=" ">
    <subfield code="w">b</subfield>
    <subfield code="a">Board of Jewish Education (New York, N.Y.)</subfield>
  </datafield>
  <datafield tag="667" ind1=" " ind2=" ">
    <subfield code="a">Machine-derived non-Latin script reference project.</subfield>
  </datafield>
  <datafield tag="667" ind1=" " ind2=" ">
    <subfield code="a">Non-Latin script reference not evaluated.</subfield>
  </datafield>
  <datafield tag="667" ind1=" " ind2=" ">
    <subfield code="a">The Bureau of Education of the Jewish Community (founded Oct. 1, 1910) became the Bureau of Jewish Education in 1917. In 1940 it was absorbed by the Jewish Education Committee which was founded in 1939 and in the same year absorbed the Jewish Education Association (founded in 1921) In 1970, the Jewish Education Committee changed its name to the Board of Jewish Education.</subfield>
  </datafield>
  <datafield tag="670" ind1=" " ind2=" ">
    <subfield code="a">nuc85-33874: Scharfstein, Ẓ. Shelosh ha matanot, 19--</subfield>
    <subfield code="b">(usage on PPT rept.: Ṿaʻad ha-hinukh ha-Yehudi)</subfield>
  </datafield>
  <datafield tag="670" ind1=" " ind2=" ">
    <subfield code="a">In those days, c1967:</subfield>
    <subfield code="b">ser t.p. (The Keter library / JEC) t.p. verso (Jewish Education Committee of New York)</subfield>
  </datafield>
</record>